2517 3967
658 162 1135 241 catamitum
1179 164 1337 230 Lm.
1384 163 1511 233 111.
1528 162 1590 230 a.

105 276 622 362 Gmfflocum
668 274 1174 351 consiliantibus„

101 366 334 426 lunone
377 364 558 425 divis:
603 364 774 440 Ilion,
819 366 966 427 ilion
1085 425 1092 437 ,

183 448 403 511 Fatalis
448 450 829 530 incestusque
872 452 1053 514 iudex
1201 510 1232 523 ,..
1264 508 1291 521 ..

276 536 350 596 Ει
391 534 605 597 mulier
646 536 965 617 peregrina
1002 534 1173 611 vertit
1236 589 1242 597 .
1408 605 1415 615 ,

99 620 168 681 Ιιι
213 622 540 701 pulverem,
587 639 659 681 ex
702 641 820 700 quo
867 622 1158 686 destituit
1149 599 1381 695 deos

102 705 386 767 Mercede
431 716 600 785 pacta
642 705 1004 780 Laomedon,
1048 705 1193 786 mihi

186 793 520 871 Castaeque
564 791 907 854 damnatum
954 792 1273 868 Minervae
1304 855 1308 863 ,
1398 842 1405 855 ,
1458 844 1474 861 „
1510 842 1516 859 ,
1564 812 1573 864 ;

276 879 423 940 Cum
470 878 718 962 populo
735 885 794 939 et
830 879 984 941 duce
1027 854 1445 955 fraudulente„
1478 934 1493 953 ,

102 961 222 1023 lam
269 980 382 1023 nec
427 942 733 1024 Lacaenae
769 964 1042 1044 splendet
1083 964 1381 1039 adulterae
1466 1025 1473 1037 ,
1508 1028 1515 1035 ,

102 1048 392 1110 Famosus
436 1048 678 1127 hospes,
723 1068 834 1111 nec
877 1050 1124 1125 Priami
1145 1048 1359 1123 domus
1436 1100 1483 1125 ‚.

180 1134 428 1196 Periura
474 1151 773 1213 pugnaces
811 1136 1067 1197 Achivos

275 1219 589 1279 Hectoreis
635 1220 852 1299 opibus
895 1218 1183 1302 refringit·
1278 1200 1311 1283 ..-
1378 1186 1421 1212 -·
1476 1207 1508 1317 ,⁶

105 1297 460 1384 Nostrisque
509 1305 748 1365 ductum
796 1305 1188 1369 seditionibus

105 1390 328 1451 Bellum
377 1388 621 1451 resedit.
708 1390 1000 1465 Protinus.
1019 1398 1092 1465 et
1133 1406 1343 1485 graves
1470 1460 1479 1469 .

186 1478 317 1537 lras
363 1482 424 1535 et
463 1474 717 1536 invisum
763 1486 1068 1558 nepotem,

275 1562 489 1621 Troica
533 1578 708 1638 quem
756 1562 1000 1643 peperit
1035 1558 1339 1641 sacerdos,

107 1644 272 1705 Marti
316 1646 652 1720 redonabo;
696 1644 859 1709 illum
907 1666 1017 1726 ego
1061 1644 1285 1708 lucidas

97 1729 260 1822 ,ΙΨ
303 1732 500 1803 sedeS,
535 1690 1063 1795 Rex-efficiaris

188 1816 409 1876 Succos
454 1822 514 1875 et
556 1816 811 1879 adscribi
856 1816 1072 1897 quietis

271 1900 598 1962 Ordinibus
641 1904 833 1980 patiar
881 1904 1154 1964 deorum.

110 1982 253 2045 Dum
299 1984 517 2065 longus
559 1986 715 2047 inter
759 1990 978 2049 saeviat
1019 1968 1169 2049 llicit

110 2066 474 2150 Romamque
517 2080 752 2148 pontus,
800 2074 1060 2171 qualibet
1103 2069 1336 2131 exsules

189 2156 256 2215 ln
309 2167 473 2236 parte
516 2167 802 2237 regnanto
847 2158 1038 2227 heatit

273 2242 426 2303 Dum
471 2240 683 2303 Priami
711 2202 1069 2323 ‘l’a‘rldisque
1110 2238 1286 2300 busto

111 2322 350 2388 Insultet
393 2340 724 2400 armentum
769 2339 825 2403 pt
869 2329 1090 2391 catulos
1139 2327 1303 2389 serae

114 2409 308 2474 Celent
353 2409 591 2485 inultae,
639 2420 754 2473 stet
797 2413 1145 2494 Capitolium

188 2496 448 2575 Fulgens
493 2497 987 2579 triumphatisque
1031 2494 1222 2578 possit

275 2584 461 2643 Roma
505 2583 671 2645 ferox
714 2583 856 2646 dare
897 2585 1026 2649 iura
1071 2581 1281 2645 Medis-

112 2660 412 2728 Horrenda
458 2668 573 2728 late
614 2686 832 2731 nomen
875 2669 936 2731 in
980 2668 1212 2734 ultimas

113 2748 389 2814 Extendat
432 2771 588 2826 oraS,
634 2772 749 2834 qua
795 2756 1027 2817 medius
1069 2754 1266 2832 liquor

189 2838 458 2900 Secernit
498 2839 778 2919 Europen
823 2841 896 2902 ab
942 2842 1107 2912 Afro,

275 2925 402 2997 Qua
447 2925 708 2986 tumidus
752 2921 904 3005 rigat
944 2944 1094 2993 arva,
1125 2922 1309 2995 Nilus,

113 3006 342 3087 Aurum
369 3012 619 3107 irrepert
767 3020 828 3071 et
869 3012 956 3073 sic
999 3010 1209 3079 melius
1253 3008 1468 3091 situm„

117 3093 303 3166 Quum
345 3030 1068 3195 terffi'effispernere
1092 3094 1301 3161 fortior

191 3181 381 3254 Quam
430 3198 680 3271 cogere
687 3182 980 3244 humanos
1022 3182 1084 3244 in
1129 3199 1275 3241 usus

275 3268 469 3330 Omne
513 3285 746 3330 sacrum
792 3268 1058 3347 rapiente
1103 3266 1325 3327 dextra.

119 3350 454 3433 Quicunque
497 3355 723 3415 mundo
767 3354 1054 3417 terminus
1099 3351 1339 3426 obstitit,

117 3434 276 3502 Hunc
315 3448 518 3519 tanget
561 3440 759 3513 armis,
803 3439 998 3520 visere
1042 3438 1325 3517 gestiens,

193 3526 318 3600 Qua
362 3531 534 3605 parte
577 3525 1017 3589 debacchentur
1058 3524 1248 3603 ignee,

273 3613 404 3689 Qua
446 3611 698 3675 nebulae
739 3610 1039 3693 pluviique
1069 3627 1271 3683 ¹>rores.

2066 168 2145 229 ul

2171 1768 2350 1867 ιε’

2078 2228 2257 2297 ,40

2166 2663 2254 2723 45

2161 3516 2244 3593 ⁵5
