2517 3967
374 228 461 289 36
956 210 1029 303 ρ’.
1056 218 1458 291 νΗΟΒΑΤΠ
1511 228 1821 295 FLAcci
1857 220 1868 253 ²

276 350 359 413 25
383 350 631 411 Curatve
674 344 910 429 myrto?
954 366 1131 427 quem
1174 348 1372 410 Venus
1418 346 1726 411 arbitrum

380 436 547 499 Dicet
586 431 879 498 bibendi?
923 434 1057 497 Non
1102 450 1211 511 ego
1255 434 1458 495 sanius

465 520 808 585 Bacchabor
854 520 1106 582 Edonis:
1152 529 1396 599 recepto

550 607 735 670 Dulce
778 606 921 668 mihi
964 608 1162 668 furere
1204 612 1298 667 est
1337 604 1549 667 amico.

1305 870 1532 968 viu..
1581 844 1602 971 '¹
1647 861 1654 878 ’

1110 1046 1218 1108 Ao
1263 1044 1685 1151 BAmNEu.
1759 1034 1764 1043 ·

380 1196 510 1262 Ulla
546 1194 597 1257 si
637 1196 786 1257 iuris
829 1196 936 1259 tibi
978 1198 1225 1277 peierati

378 1282 597 1359 Poena,
642 1282 872 1357 Barim,
916 1285 1226 1347 nocuisset
1269 1304 1548 1365 unquam,

377 1368 567 1431 Dente
603 1370 656 1431 si
692 1368 860 1448 nigro
904 1368 1081 1430 fieres
1126 1372 1217 1433 vel
1262 1392 1382 1436 uno
1467 1385 1478 1410 ³

790 1454 1046 1535 Turpior
1082 1457 1299 1536 ungui:

324 1541 362 1601 5
382 1540 713 1605 Crederem.
800 1540 921 1601 Sed
964 1550 1029 1601 tu
1073 1541 1249 1603 simul
1293 1540 1569 1621 obligasti
1667 1541 1676 1555 ⁸

379 1625 677 1687 Perfidum
722 1626 875 1687 votis
921 1636 1113 1705 caput,
1160 1628 1436 1689 enitescis

378 1709 689 1773 Pulchrior
730 1712 913 1771 multo
959 1712 1356 1792 iuvenumque
1397 1710 1606 1793 prodis
1733 1713 1738 1721 “

788 1794 1027 1858 Publica
1076 1816 1235 1859 cura.
1673 1794 1683 1807 ‘

380 1881 636 1961 Expedit
677 1882 883 1944 matris
929 1882 1157 1944 cineres
1202 1892 1448 1964 opertos
1509 1898 1514 1905 ·

281 1971 363 2033 10
380 1968 711 2067 Ροῌφςῡθι
751 1977 876 2031 toto
921 1968 1211 2029 taciturna
1253 1970 1446 2036 noctis
1561 1992 1566 1997 ·

357 2054 561 2134 Signa
605 2073 737 2119 cum
782 2052 950 2115 coelo
995 2046 1304 2133 gelidaque
1348 2055 1530 2117 divos

788 2140 983 2201 Morte
1028 2150 1318 2203 carentes.

377 2224 555 2287 Ridet
595 2226 729 2301 hoc,
773 2226 1043 2305 inquam‚·
1078 2227 1278 2287 Venus
1321 2224 1470 2304 ipsa,
1515 2220 1710 2285 rident

380 2309 692 2391 Simplices
736 2311 1043 2390 Nymphae
1086 2312 1247 2371 ferus
1294 2320 1352 2371 et
1395 2308 1622 2387 Cupido

280 2404 361 2466 15
380 2399 633 2478 Semper
674 2396 951 2459 ardentes
995 2413 1247 2457 acuens
1263 2392 1509 2473 sagittas

790 2480 935 2545 Cote
978 2490 1239 2543 cruenta.

378 2568 565 2642 Adde,
610 2566 773 2646 quod
818 2567 1009 2665 pubes
1054 2566 1160 2628 tibi
1206 2564 1421 2627 crescit·
1464 2562 1680 2637 omnis,

380 2653 650 2716 Servitus
696 2652 909 2714 crescit
953 2671 1123 2725 nova,
1168 2669 1283 2713 nec
1323 2647 1580 2731 priores
1643 2664 1648 2675 ·

381 2740 605 2821 Impiae
647 2747 868 2801 tectum
912 2737 1185 2799 dominae
1228 2738 1571 2816 relinquunt

279 2836 366 2944 29
793 2825 989 2904 Saepe
1028 2824 1252 2887 minati.

323 2912 467 2973 Te
509 2910 635 2973 suis
679 2918 901 2973 matres
940 2918 1211 2972 metuunt
1253 2904 1538 2976 iuvenciS‚

380 2998 488 3060 Te
510 3016 691 3060 senes
737 2995 900 3079 parci
944 2996 1318 3075 miseraeque
1361 3006 1557 3071 nuper

380 3084 647 3163 Virgines
692 3091 928 3164 nuptae,
974 3093 1073 3145 tua
1116 3099 1193 3141 ne
1236 3078 1498 3141 retardet

792 3168 949 3231 Aura
994 3166 1261 3231 maritos.

680 3256 740 3339 Pl
1200 3316 1585 3341 ,...........,....
