2517 3967
204 153 227 256 s
326 201 449 264 17⁰
671 263 677 276 ,
904 201 979 275 Q
1034 197 1426 262 ιιοιιιτιι
1477 193 1804 263 FLAcci
1897 195 1908 238 ⁴

226 322 307 384 10
320 321 473 384 Vixit
512 317 857 398 inaequalis,
902 317 1243 422 dQut
1280 323 1534 380 mutaret
1573 317 1636 381 in
1678 320 1874 394 horas,

322 406 584 470 Aedibus
629 423 702 466 ex
743 420 973 484 magnis
1004 403 1209 466 subito
1254 421 1324 465 se
1367 403 1667 479 conderet,
1709 367 1879 468 und}

321 491 598 557 Mundior
640 488 827 553 exi-ret
866 490 964 555 vix
1005 487 1314 552 libertinus
1357 489 1642 566 honeste,

322 580 446 641 Iam
489 575 781 639 moechus
826 577 1068 652 Romae,
1111 575 1227 636 iam
1273 574 1470 637 mallet
1512 577 1722 638 doctus
1766 575 2010 638 Athenis

120 683 148 800 Ι
319 662 551 737 Vivere,
595 663 957 738 Vertumnis,
1004 666 1340 741 quotquot
1339 671 1499 734 sunt,
1543 669 1722 723 natus
1763 659 1979 742 iniquis

224 753 305 816 15
325 753 541 812 Scurra
583 747 950 824 Volanerius,
994 755 1316 846 postquam
1354 745 1436 808 1111
1477 747 1629 809 iusta
1674 745 1954 826 clffitagra

120 827 137 865 '⁴
324 832 607 898 Contudit
648 834 949 908 articulos,
996 833 1097 912 qui
1140 850 1255 913 pro
1297 850 1365 893 se
1409 833 1644 894 tolleret
1685 849 1716 892 a
1688 841 1860 922 „que

322 921 583 982 Mitteret
623 915 688 980 in
732 920 998 999 phimum
1040 919 1217 992 talos,
1261 919 1538 980 mercede
1581 908 1792 980 diurna

323 1007 700 1068 Conductum
744 1006 931 1086 pavit3
978 1012 1200 1084 quanto
1244 1003 1612 1068 constantior
1651 1003 1844 1065 Isdem

318 1090 405 1153 In
432 1089 602 1164 vitiis,
646 1097 811 1152 tanto
854 1089 1039 1152 levius
1083 1089 1271 1151 miser
1310 1105 1380 1150 ac
1417 1089 1588 1170 prior
1627 1088 1744 1163 ille,

214 1175 301 1236 20
319 1176 434 1250 Qui
477 1177 594 1240 iam
639 1184 937 1249 contento,
974 1177 1091 1238 iam
1133 1175 1266 1236 laxo
1311 1176 1454 1237 fune
1495 1173 1743 1237 laborat.

316 1263 453 1323 Non
497 1260 659 1322 dices
702 1261 886 1324 hodie
928 1279 1081 1340 quor
1074 1279 1247 1364 sm
1261 1260 1410 1322 haec
1450 1267 1569 1322 tam
1612 1260 1819 1342 putida
1859 1259 2122 1336 tendant,

316 1343 663 1410 Furcifer?‘
697 1347 787 1409 Ad
815 1355 920 1442 te
950 1347 1215 1426 inquam.
1303 1347 1438 1419 Quo
1485 1355 1678 1426 pacto,
1723 1343 2038 1425 pessime?
2078 1331 2312 1410 Laudas

316 1433 642 1496 Fortunam
687 1439 747 1492 et
789 1449 988 1494 mores
1032 1434 1308 1510 antiquae
1353 1431 1547 1512 plebis
1593 1441 1653 1515 et
1693 1430 1874 1506 idem,

160 1491 181 1561 Ῑ
319 1519 384 1582 si
428 1518 573 1615 qui‘s·
544 1501 685 1580 ad
728 1517 823 1579 illa
869 1519 1018 1580 deus
1060 1518 1257 1578 subito
1301 1524 1362 1605 te
1443 1529 1575 1597 gat,
1605 1535 1792 1596 usque
1833 1533 2097 1592 recuseS,

212 1603 298 1670 25
318 1608 433 1669 Aut
476 1603 613 1683 quia
657 1619 780 1664 non
824 1595 1031 1676 sentis,
1078 1601 1284 1682 quod
1289 1595 1524 1675 camas,
1568 1603 1790 1664 rectius
1835 1619 1986 1672 esse,
2081 1651 2088 1656 .

314 1693 433 1752 Aut
478 1688 615 1768 quia
660 1706 780 1750 non
823 1690 1035 1750 firmus
1077 1699 1306 1750 rectum
1353 1688 1626 1750 defendis
1673 1695 1733 1748 et
1774 1687 1985 1750 haeres

250 1774 727 1856 Nequidquam
774 1779 961 1838 coeno
1008 1775 1251 1856 cupiens
1299 1773 1549 1835 evellere
1567 1771 1876 1856 plantam.

314 1863 541 1924 Romae
580 1878 687 1921 rus
730 1869 921 1940 optas,
964 1859 1272 1922 absentem
1315 1861 1570 1922 rusticus
1613 1857 1828 1922 urbem

317 1946 501 2010 Tollis
540 1945 615 2008 ad
660 1953 817 2010 astra
861 1945 1026 2008 levis.
1115 1947 1178 2009 Si
1222 1963 1528 2048 nusquam
1561 1965 1630 2008 es
1677 1947 1832 2007 forte
1875 1954 2117 2006 vocatus

213 2023 298 2088 30
318 2033 409 2096 Ad
452 2049 715 2107 coenam,
760 2032 965 2095 laudas
1010 2049 1284 2094 securum
1329 2012 1522 2092 olus
1509 2048 1597 2106 ac,
1644 2031 1804 2092 velut
1844 2031 2094 2112 usquam

318 2119 561 2182 Vinctus
606 2135 727 2192 eas,
772 2117 852 2179 ita
898 2129 955 2178 te
998 2102 1309 2180 felicem
1275 2117 1422 2180 dicis
1467 2134 1772 2195 amasque‚

191 2204 195 2211 '
314 2203 491 2280 Quod
533 2220 828 2284 nusquam
875 2201 976 2264 tibi
1020 2205 1099 2265 sit
1139 2204 1488 2300 potandum.
1573 2202 1816 2264 Iusserit
1857 2201 1932 2265 ad
1977 2220 2044 2264 se

313 2290 622 2352 Maecenas
665 2307 864 2351 serum
910 2289 1025 2350 sub
1067 2289 1288 2351 lumina
1331 2288 1522 2369 prima
1565 2288 1768 2349 venire
1899 2307 1903 2312 ·

316 2375 666 2437 Convivam.
712 2375 965 2437 Nemon’
1000 2373 1203 2436 oleum
1248 2376 1364 2436 fert
1405 2371 1620 2436 ocius?
1660 2372 1863 2454 ecquis

210 2456 293 2519 35
312 2458 545 2523 Audit?
588 2478 721 2524 cum
764 2473 979 2538 magno
1024 2460 1280 2522 blateras
1327 2461 1582 2522 clamore
1627 2457 1910 2541 furisque.

313 2545 565 2609 Mulvius
611 2557 672 2608 et
712 2565 953 2609 scurrae
998 2546 1103 2610 tibi
1142 2565 1270 2608 non
1311 2546 1624 2608 referenda
1667 2544 1893 2626 precati

309 2631 661 2694 Discedunt.
746 2633 978 2694 Etenim
1022 2633 1215 2694 fateor
1255 2651 1386 2704 me..
1417 2631 1631 2694 dixerit
1669 2631 1790 2706 ille,

306 2717 462 2780 Duci
507 2725 710 2779 ventre
750 2717 961 2794 levem,
1002 2736 1218 2780 nasum
1264 2717 1474 2780 nidore
1517 2715 1786 2796 supinor,

313 2801 674 2877 Imbecillus,
717 2799 897 2878 iners,
944 2802 998 2866 si
1042 2804 1181 2883 quid
1214 2803 1320 2878 vis,
1365 2800 1540 2876 adde,
1585 2803 1832 2883 popino.

206 2887 291 2948 40
311 2889 403 2951 Tu
446 2907 630 2970 quum
674 2887 757 2959 sis
804 2891 964 2970 quod
1008 2899 1247 2982 ειμι
1267 2887 1536 2950 fortassis
1578 2889 1852 2971 nequior,
1897 2885 2050 2950 ultro

306 2974 607 3038 Insectere
648 2975 809 3036 velut
851 2974 1083 3049 melior,
1126 2975 1442 3056 verbisque
1485 2973 1722 3036 decoris

310 3060 606 3123 Obvolvas
651 3059 901 3123 vitium?
948 3059 1108 3141 quid,
1154 3061 1207 3122 si
1250 3079 1348 3122 me
1391 3059 1627 3122 stultior
1639 3060 1800 3142 ipso

308 3143 661 3227 Quingentis
708 3155 905 3228 empto
952 3145 1249 3208 drachmis
1295 3131 1736 3226 deprenderis?
1775 3143 1976 3230 ausen

306 3234 401 3296 Me
444 3233 607 3296 vultu
649 3229 900 3308 terrere3
947 3249 1187 3297 manum
1232 3229 1722 3330 stomachumque
1767 3238 1994 3303 teneto,
2059 3240 2075 3260 ⁸

202 3319 285 3380 45
308 3319 486 3397 Dum,
532 3334 686 3420 quae
730 3317 985 3401 Crispini
1026 3317 1229 3381 docuit
1272 3336 1368 3380 me
1411 3317 1643 3390 ianitor,
1690 3318 1823 3380 edo.

214 3409 226 3416 “
303 3405 391 3468 Te
435 3408 653 3470 coniux
698 3405 892 3468 aliena
936 3403 1113 3486 capit,
1159 3402 1528 3468 meretricula
1571 3403 1825 3476 Davum,
1851 3429 1902 3497 ρ

301 3493 517 3556 Peccat
558 3504 695 3554 uter
732 3491 1009 3555 nostrum
1052 3509 1226 3553 cruce
1273 3484 1559 3570 dignius?
1602 3489 1752 3551 acris
1772 3449 2072 3578 Q

300 3577 523 3640 Natura
564 3577 849 3652 incendit,
894 3577 1008 3639 sub
1054 3577 1207 3637 clara
1252 3575 1411 3638 nuda
1453 3573 1696 3636 lucerna

307 3659 761 3782 Quaecunque*
761 3662 995 3744 excepit
1031 3661 1332 3741 turgentis
1369 3658 1618 3722 verbera
1661 3659 1906 3733 caudae,

140 2341 156 2432 ἶ
