2517 3967
670 148 1141 215 CARMINUM
1184 152 1351 215 LIB.
1397 153 1439 215 1.
1485 150 1586 213 30.
1705 202 1712 213 .

105 272 433 335 Postmodo
475 278 534 332 te
577 270 729 331 natis
772 270 1031 333 fraudem
1077 269 1484 333 committere?
1525 272 1674 334 Fors
1715 285 1822 359 gt*

198 349 399 418 Debita
442 372 567 417 iura
608 354 887 435 vicesque
930 354 1224 435 superbae

102 442 199 503 Te
242 450 513 504 maneant
556 441 778 521 ipsum‘:
824 440 1101 520 precihus
1140 459 1259 501 non
1303 440 1532 523 linquar
1572 442 1791 515 inultis,

193 527 393 607 Teque
437 526 663 606 piacula
706 526 866 589 nulla
906 526 1223 587 resolvent.

100 590 776 690 Quamquam-mnas,
820 629 941 672 non
986 621 1079 673 est
1120 628 1290 673 mora
1331 609 1531 690 longa,
1574 605 1772 673 licebit

190 696 414 758 Iniecto
459 708 550 759 ter
572 695 831 777 pulvere
874 714 1095 759 curras.

994 932 1231 995 XXIX.

831 1048 951 1113 AD
1018 1049 1407 1113 lectum.

94 1163 233 1237 lcci,
278 1163 471 1226 beatis
510 1181 671 1225 nunc
710 1165 1239 1249 Arabum-invides

96 1250 274 1311 Gazis
322 1260 383 1311 et
424 1266 618 1309 acrem
663 1249 921 1311 militiam
967 1268 1141 1329 paras
1216 1280 1219 1283 ⁴

182 1334 323 1395 Non
366 1342 499 1394 ante
544 1333 781 1395 devictis
825 1335 1083 1396 Sabaeae

267 1418 546 1497 RegibuS,
591 1419 970 1499 horribilique
1015 1420 1185 1480 Medo

94 1502 301 1564 Nectis
344 1499 622 1565 catenas?
668 1505 833 1577 Quae
877 1503 978 1567 tibi
1024 1504 1311 1582 virginum

92 1590 339 1669 Sponso
382 1598 587 1650 necato
632 1589 879 1651 barbara
922 1585 1180 1650 serviet?

168 1675 345 1765 Αἷμα
383 1672 515 1762 quis
560 1691 632 1733 ex
674 1675 802 1736 aula
846 1674 1068 1755 capillis

265 1757 356 1818 Ad
402 1758 673 1838 cyathum
717 1769 1010 1821 statuetur
1052 1757 1271 1829 unctis,

93 1840 322 1904 Doctus
366 1843 605 1920 sagittas
933 1844 1160 1905 Sericas

92 1928 257 1989 Arcu
301 1924 585 2006 paterno?
686 1934 773 1990 uis
816 1938 987 2006 neget
1030 1928 1226 1989 arduis

177 2013 418 2074 Pronos
439 2009 644 2073 'relabi
687 2032 877 2093 posse
906 2013 1062 2073 rivos

268 2096 561 2158 Montibus
606 2108 663 2159 et
703 2098 959 2160 Tiberim
1000 2094 1229 2164 reverti,

94 2181 299 2253 Quum
342 2192 406 2243 tu
448 2187 750 2263 coemptos
792 2179 1048 2263 undique
1090 2180 1318 2242 nobiles

94 2264 311 2327 Libros
353 2266 993 2367 PanaQSocraticam
1038 2277 1098 2328 et
1140 2266 1378 2327 domum

178 2354 405 2413 Mutare
448 2351 647 2414 loricis
691 2354 939 2427 Hiberis,

266 2436 564 2499 Pollicitus
606 2439 864 2514 meliora,
910 2433 1150 2500 tendis?

1014 2674 1215 2736 XXX.

826 2790 936 2853 Al)
986 2788 1420 2854 VENEREM.
1895 2824 1916 2849 -.

94 2915 147 2977 0
190 2915 411 2987 Venus,
455 2874 873 3055 regitqmdi
916 2909 1235 2991 Paphique‚
1277 2990 1289 3003 .
1534 2910 1544 2925 '
1789 2866 1840 2987 f
1867 2866 1936 2963 C

92 3002 329 3080 Sperne
374 2998 643 3061 dilectam
733 3012 915 3074 ypron
962 3003 1023 3055 et
1064 3002 1323 3055 vocantis

91 3087 261 3147 Ture
302 3095 362 3147 te
404 3084 589 3145 multo
634 3080 909 3160 Glycerae
930 3096 935 3105 ’
954 3074 1235 3140 decoram

588 3166 867 3227 Transfer
906 3164 968 3225 in
1013 3164 1237 3225 aedem.

94 3252 382 3316 Fer-vidus
421 3260 614 3313 tecum
657 3269 805 3330 puer
846 3255 905 3309 et
948 3250 1152 3311 solutis

96 3338 335 3401 Gratiae
374 3338 540 3399 zonis
584 3342 1015 3418 properentque
1054 3332 1357 3413 Nymphae

97 3424 168 3487 Et
210 3440 423 3507 parum
468 3423 654 3485 comis
698 3422 825 3483 sine
867 3428 925 3480 te
968 3421 1234 3481 luventas

591 3505 1050 3587 Mercuriusque.

2049 154 2134 218 23

2154 1913 2237 1975 10

2158 2339 2342 2401 15·
