2517 3967
594 164 1107 229 'mannum
1146 165 1310 229 Lm.
1353 164 1426 230 11.
1470 163 1532 229 2.
2021 166 2100 229 al

152 284 231 349 Et
272 289 478 345 cuncta
520 290 809 345 terrarum
846 283 1088 344 subacta

239 368 477 429 Praeter
517 368 1076 469 atraninmm
1118 367 1379 432 Catonis.
1464 394 1472 400 ·

74 455 323 538 luno-et
366 453 614 515 deorum
661 470 928 533 quisquis
971 454 1214 515 amicior
2121 454 2206 517 25

75 540 221 600 Afris
264 539 448 599 inulta
492 551 757 601 cesserat
796 542 1090 619 impotens

154 622 405 697 Tellure,
448 623 731 685 victorum
777 631 1045 705 nepotes·
1797 630 1844 721 s
1871 620 1980 739 sl!

236 708 482 790 Rfflsslit
520 710 761 772 inferias
809 709 1143 789 Iugurthae.

77 793 216 867 Quis
260 812 384 857 non
428 794 508 855 La
536 795 633 857 ‘no
680 796 967 894 sanguine
1006 794 1282 876 pinguior

78 883 327 961 Campus
370 880 658 960 sepulcris
702 881 879 960 impia
923 881 1141 959 proelia
2123 882 2208 945 30

151 967 428 1027 Testatur
468 966 851 1063 auditurnque
893 966 1079 1026 Medis

236 1051 563 1131 Hesperiae
604 1052 861 1113 sonitum
902 1045 1155 1115 ruinae*

80 1136 183 1210 Qui
229 1154 444 1216 gurges
487 1140 589 1197 aut
630 1154 779 1215 quae
822 1136 1063 1197 flumina
1107 1134 1370 1214 lugubris

81 1221 277 1299 Ignara
318 1217 502 1282 belli?
545 1221 705 1300 quod
749 1240 909 1283 mare
951 1220 1212 1282 Dauniae

158 1307 286 1369 Non
332 1306 746 1367 decoloravere
788 1304 1046 1369 caedes?

237 1394 403 1467 Quae
445 1396 606 1453 caret
646 1407 751 1455 ora
794 1410 999 1454 cruore
1043 1387 1297 1489 nosgrg?

86 1462 570 1625 {astari
573 1456 1143 1644 sfiztszi'ssts
1409 1640 1414 1645 ,
1745 1538 1913 1597 m
1943 1446 2326 1631 sm&

160 1648 382 1709 Mecum
425 1648 681 1709 Dionaeo
724 1648 837 1709 sub
881 1656 1050 1709 antro

243 1713 476 1881 Quam?
522 1733 733 1795 modos
775 1732 997 1795 leviore
1038 1732 1281 1813 plectro.
1375 1756 1382 1763 ·
1847 1723 1853 1731 ’
1919 1673 1958 1825 s
1981 1704 2086 1763 ἰ”
2123 1738 2206 1799 40

986 1970 999 1985 ’
1044 2018 1129 2083 11.

430 2174 538 2235 AD
592 2172 655 2235 C.
712 2170 1277 2264 SALLUSTNJM
1332 2170 1758 2235 CRISPUM:

96 2323 281 2387 Nullus
321 2334 563 2407 argento
610 2326 775 2387 color
817 2334 907 2387 est
948 2325 1141 2387 avaris

94 2410 284 2473 Abdito
325 2412 515 2483 terris,
560 2411 793 2475 inimice
834 2410 1065 2472 lamnae

94 2496 270 2576 Crispe
310 2496 564 2569 Sallusti,
609 2497 726 2558 nisi
766 2504 1091 2575 temperato

474 2582 795 2661 Splendeat
835 2598 970 2643 usu.
1045 2617 1053 2625 ·

96 2664 238 2728 Vivet
276 2675 509 2729 extento
554 2665 895 2731 Proculeius
938 2682 1085 2728 aevo
1757 2686 1762 2693 ·
2125 2662 2164 2723 ὅ

96 2748 257 2814 Notus
296 2753 357 2814 in
400 2756 612 2815 fratres
656 2751 831 2814 animi
875 2750 1133 2833 patei-1153
2101 2764 2108 2770 ·

99 2836 238 2900 Illum
280 2850 415 2919 aget
457 2856 653 2918 penna
695 2845 999 2899 metuente
1042 2834 1189 2899 solvi

120 2918 279 2939 “²'‘
471 2924 651 2986 Fama
693 2931 1019 3005 superstes.

99 3004 269 3071 Latius
310 3028 525 3089 regnes
570 3010 801 3071 avidum
850 3007 1147 3071 domando

100 3093 365 3172 Spiritum,
412 3113 585 3176 quam
632 3097 684 3157 si
728 3095 967 3175 Libyam
1008 3092 1272 3154 remotis
1851 3116 1856 3121 ·
2125 3091 2206 3155 10

101 3177 326 3245 Gadibus
371 3182 577 3259 iungas
621 3188 681 3241 et
722 3189 967 3260 uterque
1006 3178 1243 3240 Poenus

474 3267 702 3328 Serviat
742 3268 861 3329 uni.

102 3346 292 3413 Crescit
332 3351 647 3431 indulgens
694 3352 806 3413 sibi
852 3351 1014 3413 dirus
1055 3348 1374 3430 hydropS‚

100 3430 199 3496 Nec
236 3436 389 3499 sitim
436 3438 610 3517 pellit,
658 3438 767 3499 nisi
812 3454 1022 3498 caussa
1062 3434 1257 3496 morbi

100 3516 306 3601 Fugerit
346 3524 510 3586 venis
556 3534 613 3584 et
654 3540 913 3602 aquosus
962 3521 1094 3583 albo
1419 3542 1424 3549 ·
1661 3520 1668 3527 '
2125 3514 2202 3577 15

472 3608 731 3689 Corpore
772 3608 1041 3687 languor.
1527 3634 1554 3643 ··
