2517 3967
383 141 472 205 38
947 147 1020 221 Q.
1064 146 1450 211 notum
1496 146 1862 215 FLACClL³

324 265 634 327 5Auream
683 264 946 346 quisquis
990 268 1454 357 mediocritatem

380 351 600 431 Diligit,
634 358 793 413 tutus
842 361 999 414 caret
1035 353 1286 415 obsoleti

381 438 667 499 Sordibus
717 438 872 513 tecti,
918 447 1076 500 caret
1116 439 1431 501 invidenda

991 526 1239 587 Sobrius
1282 526 1436 588 aula.
1500 552 1507 560 ·
1622 526 1629 533 ’

381 608 630 688 Saepius
676 608 862 670 ventis
907 611 1157 689 agitatur
1199 613 1409 701 ingens

283 697 359 759 10
379 694 584 767 Pinus,
633 702 692 756 et
736 696 924 757 celsae
970 698 1250 775 graviore
1288 716 1421 760 casu

379 782 664 841 Decidunt
713 790 900 858 turres
945 784 1279 862 feriuntque
1324 798 1591 853 summos

991 870 1242 948 Fulgura
1288 877 1537 953 montes.

381 951 592 1030 Sperat
633 952 882 1025 infestis,
927 957 1132 1017 metuit
1176 956 1455 1016 secundis
1528 1020 1533 1026 ,
1602 975 1606 983 ·

323 1032 634 1098 Alteram
680 1050 900 1100 sortem
945 1040 1099 1101 hene
1142 1050 1593 1121 praeparatum
1650 1038 1656 1041 ’

277 1120 357 1181 15
381 1124 613 1185 Pectus,
662 1126 968 1187 Informes
1011 1127 1239 1189 hiemes
1283 1128 1513 1189 reducit

985 1213 1267 1293 luppiter,
1312 1214 1495 1294 idem

377 1293 719 1357 Submovet.
790 1296 938 1371 Non,
983 1301 1033 1360 si
1077 1302 1228 1361 male
1274 1314 1449 1374 nunc,
1398 1274 1555 1358 'stet
1597 1297 1733 1386 olim

376 1381 474 1441 Sic
521 1382 662 1445 erit:
709 1386 1008 1461 quondam
1056 1388 1271 1447 cithara
1306 1393 1599 1447 tacentem

273 1492 282 1500 ·
377 1468 634 1529 Suscitat
676 1468 901 1532 Musam
946 1490 1138 1552 neque
1183 1486 1428 1550 semper
1444 1486 1666 1533 arcum
1732 1500 1737 1506 ·

111 1529 125 1631 s
254 1554 354 1616 ·20
987 1557 1202 1619 Tendit
1244 1559 1476 1637 Apollo.
1746 1574 1751 1581 ’

107 1648 141 1676 ’·
374 1637 569 1700 Rebus
615 1642 876 1719 angustis
921 1638 1456 1724 animosusQ
1510 1660 1513 1666 ’

370 1726 563 1787 Fortis
611 1742 858 1807 appare3
903 1730 1200 1809 sapienter
1239 1731 1398 1790 idem

373 1811 694 1874 Contrahes
743 1821 914 1876 vento
959 1817 1204 1877 nimium
1249 1816 1517 1877 secundo

273 1900 284 1911 “
979 1902 1232 1981 Turgida
1280 1901 1423 1962 vela.

1331 2321 1447 2385 x1.
1582 2408 1590 2416 ,

1067 2492 1175 2555 An
1239 2488 1717 2566 cummuni.

365 2663 520 2736 Quid
564 2659 883 2725 bellicosus
929 2660 1219 2723 Cantaber
1259 2670 1318 2722 et
1360 2662 1625 2743 Scythes,

361 2748 606 2827 Hirpine
652 2749 872 2823 Quinti,
918 2748 1131 2825 cogitet
1175 2747 1393 2809 Hadria

446 2836 680 2897 Divisus
724 2835 974 2907 obiecto,
1020 2832 1283 2894 remittas

536 2923 854 3019 Quaerere,
900 2938 1010 2981 nec
1054 2919 1315 2999 trepides
1364 2919 1421 2980 in
1467 2934 1643 2979 usum

302 3004 660 3073 5Poscentis
707 3007 831 3069 aevi
875 3025 1081 3086 pauca.
1146 3006 1320 3084 Fugit
1362 3012 1521 3065 r'etio

113 3094 299 3215 χ
340 3066 548 3199 fiis·
577 3093 840 3155 iuventas
886 3100 946 3153 et
991 3093 1190 3167 decor,
1235 3093 1396 3170 arida
1443 3157 1454 3173 .
1503 3164 1513 3176 θ

444 3179 710 3241 Pellente
755 3179 1007 3243 lascivos
1055 3196 1289 3240 amores

533 3266 754 3327 Canitie
801 3266 1149 3344 facilemque
1193 3281 1491 3325 somnum.
1726 3330 1735 3338 ‚
1790 3330 1797 3337 ,
1846 3330 1853 3339 ,

359 3351 491 3413 Non
533 3370 769 3432 semper
812 3353 971 3413 idem
1014 3352 1257 3416 floribus
1304 3356 1396 3411 est
1430 3348 1649 3409 hwonor
1768 3350 1775 3359 ’
1810 3354 1833 3373 ··

212 3435 340 3498 10
361 3437 588 3511 VerniS,
631 3458 861 3538 neque
874 3457 991 3500 uno
1036 3440 1174 3500 luna
1217 3436 1436 3502 rubens
1480 3436 1627 3497 nitet

438 3525 644 3587 Vultu.
692 3517 830 3605 quul
882 3525 1134 3589 aeternis
1183 3523 1487 3588 minorem
1519 3584 1527 3591 ,
1678 3526 1723 3545 ”
1778 3522 1791 3548 ¹
1876 3534 1883 3541 ·

527 3612 796 3675 Consiliis
843 3612 1100 3679 animum
1148 3604 1465 3689 fatigas?
