2517 3967
375 116 502 184 190
963 119 1034 191 Q.
1077 118 1449 179 HORATH
1508 116 1824 179 FLACCI

368 236 625 297 Mutatae
671 187 951 315 quatient.
1017 223 1098 295 'Si
1143 235 1280 313 quid
1328 235 1635 307 mirabere,
1680 252 1867 314 pones

369 319 630 387 Invitus:
673 323 812 399 fuge
857 335 1098 395 magna:
1141 320 1279 381 licet
1320 319 1433 381 sub
1476 301 1944 399 paupere-tecle

369 404 565 481 Reges
609 410 669 464 et
708 421 914 482 regum
960 404 1074 471 vita
1119 404 1789 495 praecurreryamicos.

371 489 589 549 Cervus
633 505 849 565 equum
891 482 1344 568 pugna⁸melior
1382 482 1791 556 cdinmunibus
1833 481 2039 547 herbis

270 574 352 636 35
371 573 646 644 Pellebat,
693 572 882 632 donec
927 572 1119 633 minor
1159 571 1219 633 in
1264 574 1579 633 certamine
1619 572 1795 651 longo

371 654 711 735 Imploravit
752 673 896 735 opes
940 656 1192 717 hominis
1236 656 1585 735 frenumque
1628 656 1866 735 recepit.

373 742 494 802 Sed
539 748 853 819 postquam
897 742 1080 814 victor
1119 739 1346 803 violens
1378 743 1667 815 ¹discessit
1708 743 1783 802 ab
1828 741 2020 810 hoste,

371 826 506 886 Non
553 826 806 903 equitem
855 823 1057 892 dorso,
1101 841 1218 885 uon
1261 826 1487 886 frenum
1533 826 1757 911 depulit
1798 841 1919 884 ore.

375 910 476 971 Sic
520 910 618 989 qui
661 910 1002 991 pauperiem
1048 909 1269 970 veritus
1314 911 1545 989 potiore
1589 906 1837 970 metallis

273 988 356 1050 40
374 994 670 1055 Libertate
715 1002 894 1066 caret,
939 993 1242 1066 dominum
1289 996 1457 1055 vehet
1499 995 1803 1073 improbus
1846 1000 2039 1089 Q

377 1078 601 1140 Serviet
644 1085 968 1149 aeternum,
1015 1077 1148 1156 quia
1190 1091 1373 1157 parvo
1416 1080 1638 1139 nesciet
1679 1079 1785 1139 uti.
1827 1074 1845 1085 “

373 1161 479 1224 Cui
523 1180 642 1223 non
687 1162 992 1224 conveniet
1032 1180 1140 1223 sua
1182 1180 1297 1236 res,
1341 1171 1407 1223 ut
1448 1164 1679 1224 calceus
1722 1162 1876 1235 olim,

375 1247 436 1308 Si
483 1246 636 1326 pede
677 1246 864 1308 maior
909 1245 1036 1320 erit,
1083 1245 1403 1319 subvertet,
1450 1248 1501 1309 si
1542 1248 1758 1321 minor,
1804 1252 1958 1309 uret.

376 1331 589 1392 Laetus
633 1339 794 1392 sorte
835 1339 936 1391 tua
977 1332 1136 1391 vives
1181 1332 1495 1410 sapienter,
1539 1332 1739 1404 Aristi,

273 1416 356 1478 45
373 1416 496 1478 Nec
538 1432 632 1475 me
675 1414 932 1477 dimittes
973 1414 1399 1497 incastigatum.
1443 1416 1547 1478 ubi
1590 1416 1756 1495 plura

378 1500 605 1579 Cogere
649 1518 822 1580 quam
867 1498 1010 1559 satis
1053 1508 1146 1560 est
1189 1518 1261 1561 ac
1300 1518 1419 1560 non
1464 1518 1705 1561 cessare
1748 1496 2016 1573 videbor.

373 1584 636 1663 Imperat
679 1592 779 1644 aut
821 1583 1001 1645 servit
1044 1584 1286 1645 collecta
1331 1586 1579 1664 pecunia
1622 1584 1848 1661 cuique,

375 1668 622 1734 Tortum
669 1667 844 1745 digna
889 1670 1054 1747 sequi
1096 1671 1293 1747 potius
1338 1685 1513 1747 quam
1558 1668 1775 1729 ducere
1816 1666 2035 1726 funem.

376 1752 540 1815 Haec
580 1750 686 1813 tibi
727 1752 1016 1814 dictabam
1059 1764 1194 1830 post
1234 1756 1434 1815 fanum
1479 1760 1649 1833 putre
1689 1747 1979 1823 Vacunae,

141 1888 157 1913 ,
277 1840 361 1902 ⁶0
379 1837 640 1916 Excepto
685 1837 844 1917 quod
881 1855 1008 1901 non
1052 1838 1223 1899 simul
1268 1856 1447 1911 esses,
1492 1845 1690 1899 cetera
1730 1836 1934 1928 laetus.

1340 2120 1446 2183 XI.

1042 2272 1148 2333 An
1201 2266 1740 2385 BULLaTmm.

385 2424 539 2498 Quid
586 2420 689 2485 tibi
730 2421 848 2485 visa
893 2421 1095 2494 Chios,
1140 2422 1371 2495 Bulla-ti,
1416 2431 1673 2500 notaque
1714 2418 1961 2489 Lesbos»,

382 2509 535 2583 Quid
583 2506 866 2569 concinna
905 2507 1132 2577 Samos,
1175 2505 1318 2585 quid
1361 2505 1565 2568 Croesi
1607 2506 1766 2581 regia
1811 2496 2057 2573 Sardis,

381 2595 630 2673 Smyrna
675 2591 816 2671 quid
859 2598 921 2652 et
961 2590 1317 2669 Colophon?
1360 2590 1580 2651 maiora
1626 2589 1931 2651 minorane
1972 2580 2169 2647 fama?

381 2679 682 2740 Cunctane
724 2694 868 2755 prae
910 2694 976 2737 ca
1044 2696 1118 2755 po
1165 2684 1222 2736 et
1264 2674 1545 2737 Tiberino
1588 2674 1825 2735 flumine
1868 2664 2153 2733 sordent?

323 2774 358 2831 5
380 2765 472 2824 An
515 2761 668 2823 venit
711 2762 773 2823 iu
812 2770 1011 2822 votum
1207 2759 1315 2821 icis
1362 2778 1432 2820 ex
1472 2756 1723 2821 urbibus
1766 2772 1901 2828 una,

380 2852 471 2909 An
514 2829 1469 2907 Lebeduffiffis'‘5‘di‘6*maris
1514 2850 1689 2921 atque
1728 2836 2003 2903 viai-um?

383 2932 512 2991 Scis
553 2927 840 3011 Lebedus
871 2929 1008 3009 quid
1055 2928 1166 3002 sit,
1210 2927 1412 2991 Gabiis
1458 2926 1745 2989 desertior
1776 2935 1987 3009 ajune.

381 3016 615 3077 Fidenis
659 3016 852 3087 vicus3
897 3024 1094 3075 tamen
1131 3013 1250 3074 illic
1292 3012 1485 3073 vivere
1527 3012 1733 3073 vellem

381 3099 732 3179 Oblitusque
776 3116 1076 3185 meo-rum..a
1088 3097 1525 3159 obliviscendus
1570 3104 1629 3157 et
1668 3094 1785 3155 illis

285 3186 360 3247 10
382 3188 716 3264 Neptunum
760 3182 976 3263 procul
1009 3180 1242 3244 essterra
1284 3190 1554 3261 spectare
1594 3183 1912 3246 furentem,

381 3269 502 3332 Sed
543 3286 738 3348 neque
782 3270 880 3347 qui
925 3262 1124 3346 capua
1163 3268 1413 3328 Romam
1456 3266 1624 3343 petit,
1665 3264 1857 3324 imbre
1886 3261 2143 3337 lutoque

383 3361 671 3434 Aspersus
715 3353 874 3415 volet
896 3352 1282 3437 itiffcaupoua
1327 3352 1547 3421 vivere3
1592 3366 1705 3409 nec
1744 3348 1847 3427 qui

383 3440 594 3519 Frigus
640 3437 891 3516 collegit,
936 3438 1140 3497 furnos
1181 3446 1242 3499 et
1282 3434 1494 3497 balnea
1536 3434 1767 3515 laudat⁴

379 3527 457 3592 Ut
498 3528 854 3587 fortunatam
901 3522 1073 3603 plene
1113 3518 1474 3601 praestantia
1515 3518 1723 3595 vitam3
