2517 3967
355 174 488 239 218
687 226 696 233 .
974 177 1045 250 Q.
1089 174 1473 241 HORA'rn
1527 176 1843 241 FLACCI

360 297 604 363 Desinat
645 292 710 354 in
751 292 980 373 piscem
1022 296 1240 359 mulier
1282 297 1541 359 formosa
1585 314 1868 377 superne,

169 363 222 411 ⁸⁸·
251 424 264 439 ,
299 384 699 463 ΰὸρεοῑεωω
743 379 1006 443 admissi—
1025 383 1223 445 «risum
1270 383 1539 458 teneatis,
1584 380 1811 445 amici?

359 436 920 540 crediteftFisoneffi
963 468 1064 530 isti
1106 466 1772 567 tabulwm

266 553 275 564 ’
357 550 748 623 Persimilem,
793 544 1166 617 miurffilut
1207 570 1369 635 aegn
1413 554 1642 617 somnia
1680 570 1869 614 vanae

359 640 688 719 Fingentur
729 638 983 716 species,
1035 646 1103 701 ut
1145 658 1257 702 nec
1300 657 1407 721 pes
1453 658 1567 701 nec
1610 648 1789 721 caput
1830 638 1934 701 uni

359 726 664 789 Reddatur
704 723 952 786 formae.
1035 724 1371 787 Pictoribus
1417 734 1593 805 atque
1637 723 1829 806 poetis

263 813 344 878 1⁰
362 810 663 887 Quidlibet
703 806 962 871 audendi
1009 826 1248 891 semper
1292 811 1399 872 suit
1439 828 1623 892 aequa
1671 816 1954 891 potestas.

360 897 600 960 Scimus
643 904 703 956 et
744 895 900 957 hanc
939 898 1168 957 veniam
1223 897 1601 977 petimusque
1646 898 1975 974 damusque
2016 892 2294 972 vicissim,

266 974 274 982 ’
361 983 480 1045 Sed
531 997 651 1041 non
697 988 763 1041 ut
805 980 1054 1061 placidis
1099 989 1310 1045 coeant
1350 982 1617 1055 immitia,
1659 1000 1782 1044 non
1825 988 1891 1043 ut
2328 994 2333 1003 ·

99 1052 260 1164 ,ῃῗ
361 1069 684 1149 Serpentes
730 1068 937 1128 avibus
981 1069 1138 1147 gemi
1219 1076 1357 1130 ntur
1418 1068 1663 1149 tigribus
1709 1066 1863 1145 agni,

95 1165 105 1178 ·
211 1148 224 1167 '
360 1153 615 1233 Inceptis
661 1152 932 1230 gravibus
979 1086 1429 1235 plerusnffiffxz'et
1471 1172 1682 1233 magna
1728 1146 2019 1233 professis
2075 1166 2083 1174 ·

263 1231 344 1294 15
361 1241 710 1320 Purpureus
753 1238 870 1299 late
913 1240 1014 1319 qui
1059 1240 1372 1321 splendeat
1414 1258 1567 1302 unus
1613 1249 1673 1303 et
1712 1240 1860 1300 alter

362 1324 648 1388 Adsuitur
689 1340 952 1402 pannum
1000 1344 1180 1403 quum
1225 1328 1394 1387 lucus
1442 1338 1501 1388 et
1541 1334 1642 1387 ara
1683 1324 1903 1386 Dianae

360 1412 436 1473 Et
479 1411 856 1491 properantis
900 1428 1090 1489 aquae
1135 1430 1241 1491 per
1284 1428 1567 1472 amoenos
1610 1409 1865 1472 ambitus
1908 1422 2104 1487 agros,

362 1499 479 1558 Aut
521 1496 740 1556 flumen
775 1495 1049 1577 Rhenum
1114 1507 1214 1571 aut
1256 1497 1488 1577 pluvius
1535 1496 1890 1558 describitur
1932 1508 2123 1557 arcuS.

364 1582 482 1644 Sed
527 1599 688 1642 nunc
729 1598 853 1647 non
897 1592 1022 1642 erat
1049 1581 1401 1659 xisio-2:123&
1476 1582 1551 1643 Et
1591 1584 1847 1645 fortasse
1894 1591 2245 1661 cupressum

255 1658 491 1729 2⁰Sois
537 1664 845 1727 simulare:
885 1666 1305 1767 quw
1351 1668 1549 1729 fractis
1594 1676 1793 1729 enatat
1834 1682 2051 1745 exspes

364 1750 641 1825 Navibus,
685 1769 821 1812 acre
866 1751 1004 1812 dato
1051 1752 1150 1831 qm
1191 1751 1495 1833 pingitur?
1536 1753 1841 1835 Amphora
1886 1751 2084 1831 coepit

363 1835 623 1912 {nstitui3
667 1846 942 1898 currente
983 1848 1112 1899 rota
1159 1856 1267 1899 cur
1312 1855 1525 1901 urceus
1572 1837 1739 1901 exit?

362 1922 630 2003 Denique
674 1923 752 1985 sit
794 1922 1043 2002 quidvis,
1093 1922 1346 2003 simplex
1392 1925 1694 1987 dumtaxat
1733 1931 1791 1986 et
1833 1938 2039 1983 unum.

363 2009 613 2072 Maxima
656 2026 795 2088 pars
833 2019 1048 2082 vatum,
1093 2016 1261 2089 pater
1305 2020 1364 2072 et
1404 2010 1652 2072 iuvenes
1741 2019 1865 2071 atre
1909 2006 2089 2087 digni,

231 2088 347 2151 45
366 2093 706 2174 Decipimur
751 2095 949 2173 specie
994 2096 1168 2156 recti:
1213 2096 1409 2157 brevis
1456 2112 1591 2157 esse
1636 2028 1860 2168 laboro,

367 2179 678 2243 Obscurus
720 2180 832 2254 fio3
877 2191 1199 2243 sectantem
1245 2182 1397 2243 lenia
1440 2180 1608 2242 nervi

365 2265 659 2330 Deficiunt
701 2265 1380 2353 animiflfflprofessus
1426 2267 1670 2345 grandia
1714 2271 1933 2344 turget3

370 2352 572 2431 Serpit
611 2343 791 2411 humi
821 2348 982 2413 tutus
1029 2352 1273 2413 nimium
1319 2352 1679 2433 timidusque
1726 2347 2037 2435 procellae.

370 2436 488 2511 Qui
531 2436 758 2497 variare
803 2436 964 2517 cupit
1005 2456 1131 2498 rem
1172 2438 1572 2517 prodigialiter
1614 2456 1812 2509 unam,

111 2518 351 2604 sssso
368 2522 723 2603 Delphinum
769 2522 926 2585 silvis
970 2521 1249 2603 adpingit‚
1297 2524 1569 2585 fluctibus
1616 2540 1845 2603 aprum.

61 2601 217 2655 aff
267 2678 276 2685 ‚
367 2608 437 2670 In
481 2607 684 2670 vitium
728 2606 890 2669 ducit
938 2610 1142 2689 culpae
1187 2604 1341 2688 fuga,
1386 2609 1437 2670 si
1482 2617 1641 2670 caret
1685 2617 1832 2669 arte.

263 2701 270 2711 '
368 2693 683 2756 Aemilium
732 2693 885 2755 circa
927 2693 1130 2756 ludum
1177 2696 1346 2756 taber
1389 2695 1539 2760 imus
1584 2703 1643 2756 et
1688 2706 1913 2773 ungues

367 2780 673 2860 Exprimet
717 2787 775 2841 et
817 2780 1032 2859 molles
1069 2780 1393 2842 imitabitur
1435 2798 1570 2841 aere
1616 2778 1872 2859 capillos,

269 2861 274 2872 '
369 2866 578 2927 Infelix
623 2865 824 2945 operis
869 2884 1118 2940 summa,
1165 2868 1299 2946 quia
1342 2884 1565 2945 ponere
1607 2873 1795 2927 totum

263 2948 353 3011 35
371 2951 628 3013 Nesciet.
712 2949 887 3012 Hunc
931 2970 1040 3029 ego
1085 2970 1197 3026 me,
1243 2953 1294 3014 si
1339 2952 1474 3031 quid
1522 2968 1881 3030 componere
1924 2962 2145 3020 curem,

370 3038 508 3099 Non
550 3034 740 3117 magis
786 3053 919 3098 esse
963 3035 1153 3111 velim,
1199 3056 1378 3116 quam
1421 3056 1567 3100 naso
1606 3037 1801 3098 vivere
1846 3050 2026 3115 pravo

370 3122 773 3203 Spectandum
816 3122 1000 3201 nigris
1043 3122 1234 3187 oculis
1269 3124 1558 3203 nigroque.
1600 3122 1827 3203 capillo.

369 3208 599 3270 Sumite
641 3208 945 3269 materiam
989 3210 1215 3283 vestris,
1263 3212 1364 3287 qui
1408 3208 1681 3283 scribitiS‚
1732 3215 1980 3287 aequam

370 3293 610 3356 Viribus
654 3302 713 3355 et
754 3302 984 3355 versate
1031 3296 1150 3369 diu,
1199 3294 1341 3373 quid
1384 3296 1537 3357 ferre
1578 3301 1871 3365 recusent,

141 3412 195 3487 «1
243 3380 362 3469 μή
374 3378 528 3451 Quid
574 3380 806 3443 valeant
845 3381 1098 3443 humeri.
1184 3380 1294 3442 Cui
1344 3379 1506 3445 lecta.
1538 3386 1810 3459 potenter
1834 3376 2155 3525 μ

183 3526 192 3546 ‚
239 3522 254 3539 ,
375 3465 502 3528 Nec
545 3467 814 3529 facundia
840 3466 1301 3567 Q
1341 3485 1452 3528 nec
1495 3466 1727 3529 lucidus
1770 3482 1840 3524 or
1882 3482 1939 3525 o.
2078 3508 2085 3511 -

377 3550 618 3616 Ordinis
660 3554 1186 3633 haec'vnrtus·„erit
1234 3562 1296 3617 et
1340 3572 1520 3617 venus
1565 3563 1669 3615 aut
1710 3570 1821 3703 ego
1866 3546 2051 3625 fallor,

372 3638 455 3703 Ut
493 3640 608 3705 iam
655 3659 814 3705 nunc
860 3628 1012 3705 dicat
1054 3630 1177 3704 iani
1210 3633 1374 3704 'nunc
1418 3641 1691 3705 debentia
1778 3636 1869 3714 ici,
