2517 3967
348 118 389 181 6
946 125 1016 198 0.
1051 124 1807 195 nonulla-acc!

1332 328 1395 392 V.

1064 496 1175 561 An
1215 496 1663 565 PYRRHAM.

347 668 491 744 Quis
535 670 717 731 multa
762 667 991 747 gracilis
1032 673 1094 728 te
1138 685 1292 747 puer
1331 668 1394 729 in
1437 684 1576 737 rosa

341 756 627 817 Perfusus
672 754 905 834 liquidis
949 760 1120 831 urget
1162 753 1466 828 odoribus,

432 840 630 914 Grato,
676 840 913 921 Pyrrha,
959 838 1071 900 sub
1116 836 1338 900 antro?
1405 858 1416 863 ·

516 926 621 989 Cui
665 928 872 988 flavam
916 925 1130 1002 religas
1177 943 1208 986 c
1251 942 1423 1000 mam,

286 1009 603 1091 csimplex
648 1007 1007 1074 munditiis?
1054 1010 1182 1072 Heu
1269 1011 1453 1072 uoties
1496 1010 1674 1073 fidem

341 1097 715 1177 Mutatosque
762 1098 906 1161 deos
950 1096 1117 1160 flebit
1156 1103 1217 1158 et
1253 1113 1463 1177 aspera
1506 1170 1518 1177 Α
1557 1166 1564 1178 ,

426 1183 619 1263 Nigris
664 1201 921 1262 aequora
967 1180 1157 1243 ventis

348 1256 454 1355 Α
509 1269 869 1335 Emirabitur
912 1267 1195 1341 insolens,
1321 1312 1328 1321 -

344 1352 460 1426 Qui
502 1373 664 1415 nunc
706 1363 763 1416 te
809 1352 1018 1417 fruitur
1058 1352 1336 1416 credulus
1382 1371 1582 1429 aurea,

242 1446 325 1507 10
344 1439 457 1513 Qui
505 1458 743 1523 semper
789 1457 1047 1511 vacuam,
1092 1456 1331 1518 semper
1371 1440 1688 1517 amabilem.

426 1527 656 1606 Sperat,
702 1526 937 1594 nescius
982 1541 1159 1586 aurae

510 1611 777 1673 Fallacis.
840 1610 1057 1685 Miseri,
1102 1607 1318 1688 quibus

338 1694 631 1759 Intentata
678 1697 851 1758 nites.
914 1697 1009 1757 Me
1055 1694 1250 1761 tabula
1298 1712 1463 1760 sacer

230 1811 241 1827 ι
338 1782 539 1843 Votiva
584 1784 779 1863 paries
820 1782 1038 1846 indicat
1080 1780 1251 1843 uvida

239 1867 320 1927 15
423 1868 818 1948 Suspendisse
862 1866 1088 1949 potenti

507 1955 866 2019 Vestimenta
908 1953 1087 2017 maris
1130 1953 1268 2017 deo.

1395 1946 1412 1972 Δ
1449 1953 1534 1967 —u-s.

1301 2303 1407 2367 VI.

700 2456 809 2521 An
853 2456 931 2519 M.
976 2456 1480 2523 VIPSANIUM
1524 2450 2006 2541 AG131PPAM.

330 2610 620 2675 Scriberis
663 2610 836 2672 Vario
883 2610 1049 2673 fortis
1096 2622 1154 2674 et
1198 2612 1454 2675 hostium

328 2699 545 2774 Victor,
592 2696 846 2759 Maeonii
893 2698 1165 2760 carminis
1211 2698 1363 2782 alite,
1463 2774 1470 2782 .

331 2785 518 2859 Quam
563 2802 689 2846 rem
736 2799 964 2864 cunque
1006 2786 1170 2847 ferox
1216 2785 1465 2850 navibus
1510 2790 1610 2847 aut
1653 2784 1820 2867 equis

36 2932 46 2941 ,
638 2868 808 2932 Miles
853 2878 914 2931 te
958 2870 1109 2933 duce
1155 2870 1419 2950 gesserit.

140 2957 219 3041 js!
270 2956 471 3031 5Nos,
516 2956 794 3037 Agrippa,
841 2956 1233 3036 newaec
1273 2956 1487 3028 dicere,
1534 2971 1648 3017 nec
1691 2972 1924 3035 gravem

324 3043 560 3105 Pelidae
602 3042 970 3105 stomachum
1015 3042 1229 3105 cedere
1275 3044 1478 3116 nescii,

70 3116 161 3213 bs
321 3127 446 3191 Nec
490 3147 700 3192 cursus
746 3128 1010 3208 duplicffs
1054 3148 1165 3209 per
1206 3148 1371 3192 mare
1415 3127 1618 3199 Ulixei,

628 3216 753 3277 Nec
795 3233 1027 3276 saevam
1069 3214 1309 3295 Pelopis
1354 3216 1597 3279 domum

324 3300 640 3377 Conamur,
688 3309 895 3363 tenues
940 3301 1213 3380 grandiat
1259 3301 1397 3364 dum
1443 3301 1658 3383 pudor,

225 3386 697 3470 lOImbellisque
741 3386 896 3468 lyrae
941 3386 1106 3449 Musa
1148 3395 1368 3468 potens
1412 3395 1568 3450 vetat

321 3473 551 3539 Laudes
599 3474 818 3554 egregii
866 3474 1130 3535 Caesaris
1176 3484 1235 3536 et
1279 3482 1412 3535 tuas

628 3560 811 3639 Culpa
858 3561 1123 3621 deterere
1164 3561 1382 3640 ingeni.

1053 3650 1208 3680 ...--
