2517 3967
706 136 1174 204 mammem
1218 140 1384 239 me.
1427 140 1473 206 1.
1503 137 1658 239 io„

129 248 393 324 Dissolre
435 258 619 340 frigus
662 258 819 338 ligna
865 274 1049 339 super
1093 260 1224 321 foco

127 346 309 426 Large
353 364 675 425 reponem,
718 352 898 425 atque
942 344 1258 425 benignius

206 433 501 511 Deprome
544 430 918 510 quadrimum
963 430 1201 505 Sabina,

295 516 345 579 Ο
387 515 725 590 thaliarcho,
770 534 1004 579 merum
1050 514 1227 577 diota.

60 583 400 691 [Permitte
447 602 595 664 divis
641 610 863 665 cetera:
909 601 1010 683 qui
1052 600 1227 663 simul

131 691 402 751 Stravere
444 697 655 750 ventos
699 705 957 768 aequore
1001 687 1226 749 fervido

207 773 669 855 Deproeliantes,
712 792 829 836 nec
875 773 1147 853 cupressi

290 860 415 922 Nec
459 868 689 923 veteres
736 859 1031 939 agitantur
1074 857 1223 920 orni.
1273 862 1338 948 J

126 944 279 1019 Quid
324 947 403 1008 sit
445 944 708 1008 futurum
754 964 906 1021 cras,
951 946 1089 1023 fuge
1134 962 1417 1027 quaerere
1483 954 1544 1007 et

128 1031 317 1105 Quem
364 1048 499 1092 sors
543 1030 769 1093 dierum
818 1048 1053 1112 cunque
1100 1030 1282 1106 dabit,
1327 1016 1548 1127 lucro!

204 1117 473 1197 Adpone,
517 1135 631 1178 nec
674 1117 879 1180 dulces
925 1134 1159 1182 amores

290 1204 519 1283 Sperne
564 1208 734 1282 puer,
780 1218 976 1283 neque
1019 1212 1083 1265 tu
1131 1202 1398 1278 choreas,
1490 1280 1505 1291 .

120 1285 323 1351 Donec
365 1288 577 1437 vjffiffl‘
619 1287 866 1351 canities
910 1288 1084 1365 abest

119 1373 375 1436 Morosa.
587 1393 623 1435 c
666 1393 701 1435 e
772 1392 839 1436 ca
902 1394 1019 1455 pus
1065 1380 1126 1453 et
1167 1390 1352 1437 areae.

206 1458 518 1538 Lenesque
562 1459 674 1523 sub
718 1459 1236 1524 noctem.·susurri

295 1544 638 1623 Composita
682 1555 1026 1625 repetantur
1070 1545 1237 1619 hora,

122 1629 295 1690 Nunc
342 1638 399 1691 et
442 1628 679 1696 latentis
723 1632 997 1711 proditor
1038 1631 1297 1713 intQ'

124 1715 336 1777 Gratus
380 1715 612 1795 puellae
657 1716 818 1781 risus
864 1718 938 1778 ab
985 1715 1201 1795 angulo

206 1801 550 1879 Pignusque
597 1802 911 1881 dereptum
952 1782 1229 1863 lacertis?

291 1887 407 1948 Aut
450 1886 631 1966 digito
677 1887 829 1952 male
872 1888 1179 1969 pertinaci.

1109 2156 1184 2222 X.

792 2308 901 2384 AD
953 2308 1510 2378 MERCURIUM.

114 2462 389 2535 Mercuri,
431 2462 681 2532 facunde
767 2480 913 2543 epos
954 2462 1221 2537 AtlantiS,

117 2548 235 2623 Qui
282 2536 443 2610 feffi's‘
489 2554 678 2610 cutus
722 2530 1033 2610 hoffiffium
1074 2555 1379 2611 recentum

112 2635 273 2697 Voce
320 2634 588 2699 formasti
635 2643 801 2695 catus
845 2641 903 2695 et
948 2633 1199 2696 decorae

530 2718 695 2781 More
740 2719 1089 2800 palaestrae,

113 2805 201 2868 Te
249 2822 454 2867 canam
498 2803 699 2883 magni
742 2806 899 2868 lovis
945 2814 1005 2866 et
1048 2806 1298 2866 deorum

112 2891 405 2952 Nuntium
454 2908 784 2969 curvaeque
824 2890 1355 2973 lyfflarentem,
1425 2904 1434 2912 ·
1533 2926 1542 2933 -

116 2962 429 3053 ΒεΙΙίᾶιῗιῖιζ
471 2950 1032 3058 quidfiuiffplaeuit,
1078 2974 1288 3039 iocoso
1363 3052 1370 3059 .

531 3062 802 3125 Condere
847 3062 1054 3139 furto&
1100 3122 1151 3131 ,,
1220 3080 1290 3130 ..·.
1320 3123 1333 3135 ,
1367 3122 1381 3133 ,

112 3146 221 3221 Te,
268 3139 453 3208 hoves
498 3147 634 3210 olim
681 3148 797 3211 nisi
839 3147 1203 3210 reddidisses
1297 3165 1322 3187 ··

109 3232 231 3294 Per
278 3231 497 3319 dely-Q
526 3243 769 3309 amotas,
815 3251 1065 3315 puerum
1113 3234 1332 3296 minaci
1437 3259 1445 3265 ·

109 3318 279 3381 Voce
326 3318 469 3382 dum
512 3328 713 3396 terret,
755 3320 965 3383 viduus
1010 3319 1285 3400 pharetra

526 3406 680 3469 Risit
721 3406 949 3487 Apollo.

110 3490 276 3564 Quin
325 3498 385 3551 et
426 3491 659 3555 Atridas
709 3492 858 3555 duce
901 3498 962 3553 te
1009 3490 1302 3571 superbos

105 3576 217 3639 Ilio
269 3576 435 3640 dives
478 3577 747 3641 Priamus
791 3576 997 3640 relicto

2188 692 2268 758 10

2187 1127 2267 1189 15

2187 1558 2270 1621 20

2133 3230 2266 3297 ‘10
