2517 3967
623 102 633 108 ”
696 140 1175 206 censimum
1215 141 1378 204 un.
1411 140 1466 205 -ι,
1507 146 1574 209 4.
2121 138 2162 198 e

135 264 331 327 Pennis
372 281 495 325 non
535 261 762 325 homini
808 263 991 339 datis;
1820 304 1830 316 ,
2057 248 2063 261 “
2178 254 2262 383 Ῠΰ
2340 296 2360 305 -

208 348 853 447 Perruwcheronta
896 346 1221 411 Herculeus
1266 346 1458 409 labor.
2049 310 2082 411 ,Ῑ

134 436 220 501 Nil
256 433 597 497 mortalibus
642 412 909 495 ardiffif
942 442 1062 497 est.
1805 440 1868 499 ὰ)
1901 438 1968 491 Γ·

209 521 442 585 eoelum
482 518 679 599 ipsum
722 518 981 601 petimus
1024 509 1288 591 stultitia,
1332 529 1524 597 neque

134 610 236 671 Per
273 597 543 670 nostium
586 604 846 686 patimur
890 604 1087 668 scelus

204 692 487 757 Iracunda
529 691 729 754 lovem
774 705 1001 774 ponere
1044 684 1306 752 fulmina.
1521 708 1544 739 ι.
1795 728 1804 741 .
2182 687 2270 753 40

1082 958 1194 1041 1v‘.
1235 904 1374 1101 f

477 1130 589 1195 An
631 1132 701 1195 L.
745 1130 1143 1196 SESTIUM
1187 1128 1816 1193 CONSULAREM.
1909 1078 1917 1085 ἢ

134 1298 382 1361 Solvitur
424 1301 575 1362 acris
617 1300 811 1362 hiems
856 1308 1020 1381 grata
1063 1300 1188 1361 vice
1230 1300 1384 1361 veris
1429 1310 1490 1364 et
1531 1299 1768 1375 Favoni,
2047 1272 2172 1387 ,ὲ
2228 1350 2249 1359 ..

212 1385 595 1464 Trahuntque
640 1387 829 1448 siccas
875 1386 1181 1449 machinae
1226 1386 1492 1462 carinas,

133 1473 213 1531 Ac
254 1488 455 1551 nequo
495 1471 612 1535 iam
656 1470 902 1535 stabulis
946 1472 1164 1553 gaudet
1206 1487 1390 1551 pecus
1437 1478 1539 1534 aut
1581 1478 1782 1577 arator
1820 1470 1962 1551 igni,

206 1554 327 1618 Nec
372 1566 536 1635 prata
582 1558 745 1620 canis
788 1558 1048 1620 albicant
1089 1558 1337 1637 pruinis.

128 1638 244 1701 lam
288 1640 575 1721 Cytherea
618 1644 835 1705 choros
881 1645 1042 1706 ducit
1082 1644 1282 1705 Venus
1326 1643 1669 1706 imminente
1712 1646 1869 1714 luna,

206 1726 563 1808 Iunctaeque
605 1728 889 1810 Nymphis
934 1728 1170 1792 Gratiae
1216 1731 1493 1791 decentes

128 1808 368 1874 Alter-no
415 1820 629 1875 terram
674 1815 945 1893 quatiunt
986 1816 1161 1895 pede,
1207 1816 1351 1876 dum
1395 1830 1606 1894 graves
1651 1816 1968 1899 Cyclopum
2237 1794 2276 1854 5

205 1897 505 1961 Vulcanus
548 1901 767 1962 ardens
811 1901 925 1962 urit
970 1902 1262 1963 officinas,

128 1980 295 2044 Nunc
338 1984 515 2045 decet
556 1993 655 2046 aut
698 1986 869 2047 viridi
911 1986 1161 2048 nitidum
1208 1994 1384 2063 caput
1427 1984 1716 2065 impedire
1757 1997 1945 2071 myrto

204 2070 319 2130 Aut
367 2071 533 2145 flore,
578 2077 771 2132 terrae
813 2088 994 2151 quem
1039 2072 1237 2133 ferunt
1280 2070 1542 2144 solutae3
1637 2108 1642 2113 -

126 2151 294 2216 Nunc
337 2165 402 2218 et
442 2155 505 2216 in
549 2156 846 2218 umbrosis
889 2156 1094 2218 Fauno
1143 2158 1314 2218 decet
1353 2154 1657 2219 immolare
1700 2158 1866 2235 luciS,

206 2240 329 2301 Seu
376 2254 591 2321 poscat
633 2260 783 2321 agna
829 2241 955 2305 sive
996 2243 1160 2304 malit
1202 2240 1417 2303 haedo.
2195 2228 2277 2289 1⁰

122 2324 343 2387 Pallida
393 2346 557 2389 mors
604 2347 795 2407 aequo
840 2328 1236 2409 jSede
1281 2344 1612 2407 pauperum
1655 2330 1932 2394 tabernas

201 2411 559 2493 Regumque
601 2424 816 2476 turres,
877 2413 927 2476 Ο
972 2415 1145 2478 beate
1190 2412 1366 2487 Sesti,

120 2496 285 2560 Vitae
330 2516 568 2561 summa
612 2500 813 2561 brevis
858 2520 1027 2581 spem
1072 2518 1184 2562 nos
1229 2510 1385 2560 vetat
1427 2478 1706 2565 inchoare
1749 2503 2004 2581 longam.

200 2583 331 2645 Iam
380 2592 441 2645 te
484 2597 716 2665 premet
757 2605 895 2661 nox,
941 2587 1292 2667 fabulaeque
1331 2584 1536 2647 Manes
1703 2632 1710 2637 .

119 2666 191 2730 Et
233 2668 457 2731 domus
503 2670 669 2733 exilis
710 2672 1013 2734 Plutonia·
1062 2693 1178 2752 quo
1226 2670 1402 2733 simul
1443 2671 1660 2733 mearis
1755 2676 1762 2683 “
2200 2656 2278 2715 ¹5

202 2754 349 2817 Non
228 2773 575 2842 Wregna
618 2757 739 2819 vini
783 2758 1032 2822 sortiere
1080 2758 1308 2834 talisp-
2003 2812 2108 2857 M

118 2814 391 2901 Nec
289 2850 570 2903 tenerum
616 2844 873 2924 Lycidan
917 2842 1227 2921 mirabere,
1274 2859 1395 2923 quo
1443 2841 1591 2904 calet
1631 2842 1906 2908 iuventus
2111 2837 2121 2845 ’

202 2926 387 2990 Nunc
430 2928 627 2991 omnis
670 2938 731 2993 et
771 2938 911 2997 mox
954 2931 1211 3027 virgines
1254 2926 1561 3011 tepebunt.
1639 2994 1646 3002 ,
1793 2922 1824 2953 “’

2195 3086 2279 3148 20
