2517 3967
358 132 444 193 26
943 135 1016 207 Q.
1057 131 1450 199 nonA'ru
1501 135 1821 199 rmum
1907 96 1923 115 ”

354 233 701 327 Quo'hruta
746 250 918 313 tellus
963 263 1024 314 et
1063 271 1208 333 vaga
1250 256 1517 328 flumina,

173 347 206 421 s
251 332 333 395 10
354 338 488 411 Quo
533 336 669 417 Styx
715 344 774 397 et
815 336 1274 430 invisi-horrida
1318 340 1574 403 Taenari
1688 350 1691 355 '

163 436 178 455 '
227 434 232 447 ·
435 422 624 485 Sedes
667 422 1089 503 Atlanteusque
1131 424 1268 487 finis

521 507 884 570 concutitur.
958 508 1120 570 Valet
1165 512 1282 572 ima
1326 510 1576 573 summis

345 592 576 655 Mutare
619 599 678 655 et
721 592 1329 675 insigwttenuat
1372 598 1521 675 deuo

348 664 640 739 Obscura*
659 696 960 757 promens,
1026 679 1178 743 Hinc
1219 682 1449 762 apicem
1496 699 1679 762 rapax

249 760 328 822 15
429 764 694 826 Fortuna
735 782 866 825 cum
911 764 1379 849 stridoreacuto

516 848 778 925 Sustulit,
823 850 920 913 hic
959 854 1240 931 posuisse
1288 853 1538 932 gaudet.

1023 1350 1030 1358 ι
1235 1256 1494 1319 xxxw

1017 1434 1131 1496 Ao
1188 1419 1704 1501 FORTUNAM.

341 1617 400 1681 ,Ο
446 1614 596 1688 diva,
641 1626 867 1693 gratum
911 1634 1059 1694 quae
1103 1618 1261 1697 regis
1303 1619 1557 1692 Antium,

349 1704 642 1766 Praesens
686 1702 776 1762 vel
821 1702 941 1771 imo
986 1702 1192 1764 tollere
1239 1704 1315 1765 de
1358 1706 1545 1783 gradu

438 1786 684 1848 Mortale
729 1805 945 1865 corpus
991 1790 1082 1849 vel
1129 1788 1419 1867 superbos

530 1870 770 1931 Vertere
817 1874 1123 1935 funeribus
1167 1874 1524 1954 triumph-os,

297 1959 445 2021 5‘1'0
487 1974 714 2035 pauper
757 1958 940 2019 ambit
982 1958 1226 2020 sollicita
1271 1978 1453 2039 prece

289 2054 296 2061 “
354 2041 532 2105 Ruris
580 2042 847 2117 colonus,
892 2051 951 2103 te
996 2045 1317 2131 dominam,
1338 2046 1631 2127 aequoris,

440 2128 793 2207 Quicunque
835 2129 1077 2209 Bithyna
1119 2130 1359 2191 lacessit

436 2216 439 2223 ’
524 2213 896 2293 Carpathium
940 2216 1186 2294 pelagus
1231 2216 1447 2276 carina.

354 2300 440 2360 Te
481 2298 672 2359 Dacus
717 2318 912 2379 asper,
958 2309 1020 2361 te
1065 2300 1300 2379 profugi
1342 2299 1593 2380 Scythae

255 2386 336 2447 lo
357 2382 665 2463 Urbesque
709 2394 1052 2476 gentesque-
1073 2397 1132 2446 et
1173 2385 1403 2445 Latium
1450 2389 1615 2445 t'erox

144 2457 172 2551 J
260 2507 270 2523 ι
437 2470 786 2549 Regumque
828 2481 1045 2531 matres
1091 2470 1477 2531 barbarorum
1522 2478 1611 2531 et.

141 2558 160 2579 ⁸
520 2554 812 2634 Purpurei
853 2564 1124 2617 metuunt
1165 2564 1415 2635 tyranni,
1540 2546 1575 2563 ”“

354 2638 649 2701 Iniurioso
691 2659 767 2701 ne
809 2642 962 2721 pede
1007 2661 1258 2722 proruas

357 2724 621 2787 Stantem
668 2728 1021 2801 columnam,
1066 2746 1184 2789 neu
1228 2725 1482 2808 populus
1526 2728 1806 2807 frequens

259 2815 338 2877 15
437 2812 530 2873 Ad
573 2830 734 2873 arma
779 2823 1082 2874 cessantes
1127 2814 1201 2874 ad
1245 2806 1408 2878 arm'a

523 2897 789 2961 Concitet
830 2898 1263 2980 imperiumque
1306 2900 1553 2977 frangat.

143 3004 173 3093 Ι
354 2984 440 3045 Te
485 3002 723 3064 semper
764 2986 972 3080 aan
989 2998 1162 3047 saeva
1207 2984 1561 3059 Necessitas,

357 3070 565 3131 Clavos
609 3070 862 3133 trabales
908 3082 966 3133 et
1009 3090 1229 3133 cuneos
1274 3088 1447 3132 manu

443 3154 695 3217 Gestans
739 3162 906 3229 aena,
949 3176 1061 3219 nec
1105 3174 1349 3218 severus
1456 3144 1481 3167 ²

256 3246 342 3310 20
525 3240 732 3303 Uncus
774 3243 944 3304 abest
985 3243 1395 3323 liquidumque
1431 3240 1759 3320 plumbum.

161 3384 172 3397 .
247 3374 257 3381 ,
360 3330 448 3391 Te
491 3326 643 3408 Spes
689 3337 748 3388 et
787 3328 921 3390 albo
964 3347 1094 3390 rara
1137 3328 1315 3391 Fides
1360 3326 1498 3387 colit

355 3414 552 3476 velata
594 3430 813 3491 panno,
859 3433 972 3475 nec
1015 3414 1293 3502 comitem
1332 3412 1631 3491 abnegat,-

439 3498 752 3576 Utcunque
797 3508 1014 3562 mutata
1059 3506 1332 3579 potentes

524 3583 702 3646 Veste
739 3584 972 3647 ‘domos'
999 3584 1230 3649 inimica
1262 3582 1495 3663 linquis.

1787 3214 1883 3251 ἢ..
