2517 3967
584 213 1230 277 ems-romaum
1292 216 1451 277 Lm.
1499 218 1539 309 ι,
1583 216 1641 276 7.

151 334 220 395 Et
260 351 580 412 properare
622 333 751 393 loco
795 342 853 393 et
898 342 1225 411 cessarem
1271 342 1656 422 quaerwt
1696 335 1799 407 uti,

154 418 514 483 Gaudentem
607 402 1226 497 arffl„amlfllibus
1272 426 1331 477 et
1374 417 1496 479 lare
1542 428 1699 481 certo

155 504 220 562 Et
260 500 416 562 ludis
461 509 520 563 et
559 440 936 591 Qdecisa
982 502 1212 579 negotia
1259 490 1491 579 canipe.

152 585 354 646 Scitari
395 585 538 646 libet
582 604 649 645 ex
694 586 842 663 ipso,
890 585 1283 662 quodeunque
1320 590 1442 646 rel'e
1524 608 1537 621 ·
1585 584 1642 645 di

154 670 236 728 Ad
281 688 524 730 coenam
569 671 781 730 veniat.
863 670 990 729 Non
1039 687 1182 728 sane
1227 654 1467 731 credere
1511 668 1697 739 Mena,

152 753 364 813 Mirari,
387 772 586 813 secum
635 753 862 813 tacitus·
955 752 1109 825 Quid
1151 752 1383 813 multa?
1427 752 1744 831 Benigne?

153 839 511 915 Respondet.
597 838 783 911 Neget
825 838 920 899 ille
965 834 1152 897 mihi?
1217 838 1405 923 Negat
1444 838 1753 914 improbus
1800 844 1860 899 et
1902 847 1961 899 te

150 921 402 999 Negligit
444 924 543 981 aut
586 922 805 981 horret.
889 920 1172 982 Vulteium
1213 939 1389 981 mane
1430 922 1737 999 Philippus

151 1004 292 1065 Vilia
336 1008 684 1067 vendentem
731 1004 990 1067 tunicato
1035 1013 1229 1065 scruta
1278 1005 1515 1085 popello

151 1090 410 1167 Occupat
451 1090 985 1153 etssalffle'ffirbet
1027 1091 1216 1167 prior;
1259 1090 1358 1149 ille
1395 1090 1663 1169 Philippo

34 1222 36 1227 .
149 1170 440 1235 Excusare
481 1168 770 1264 Laborem.
787 1184 846 1236 et
887 1172 1240 1233 mercenaria
1283 1175 1493 1246 vinela,

149 1258 317 1339 Quod
359 1276 481 1318 uon
522 1276 696 1319 mane
738 1258 976 1319 domum
1022 1256 1299 1326 venisset,
1340 1260 1593 1335 denique
1638 1252 1799 1331 quod
1833 1268 1957 1313 nou

34 1348 36 1353 '
149 1342 503 1403 Providisset
546 1362 698 1405 eum.
783 1343 880 1403 Sic
921 1340 1214 1417 ignovisse
1262 1350 1459 1417 putato

151 1427 239 1487 Me
281 1426 408 1496 tibi,
453 1427 506 1490 si
549 1444 764 1487 coenas
804 1427 980 1487 hodie
1024 1443 1283 1515 mecfflp.
1352 1427 1424 1487 Ut
1451 1424 1614 1485 libet.
1682 1422 1834 1498 Ergo

147 1510 287 1571 Post
329 1528 542 1570 nonam
586 1510 822 1581 venies;
878 1527 1031 1571 nunc
1071 1510 1110 1580 i,
1153 1526 1279 1569 rem
1320 1518 1596 1571 strenuus
1640 1524 1809 1585 auge.

147 1594 223 1655 Ut
266 1606 498 1659 ventum
538 1594 614 1654 ad
659 1613 897 1671 coenam
943 1602 1050 1663 est,
1094 1594 1336 1655 dicenda
1385 1595 1629 1655 tacenda
1675 1592 1911 1655 loeutus

147 1675 762 1739 Tandem'dormitum
810 1678 1132 1739 dimittitur.
1221 1678 1327 1739 Hic
1370 1681 1468 1740 ubi
1510 1697 1689 1755 saepe

149 1764 454 1823 Occultum
497 1765 653 1822 visus
699 1764 1010 1824 decurrere
1056 1761 1229 1841 piscis
1274 1762 1346 1822 ad
1393 1766 1647 1831 hamum,

147 1848 316 1907 Mane
345 1845 542 1910 ,cliens
589 1856 646 1909 et
686 1846 799 1905 iam
847 1858 1037 1907 certus
1083 1846 1341 1917 conviva,
1386 1848 1618 1906 iubetur

148 1932 306 1991 Rura
352 1930 1212 2051 ευίωγᾘιάἰεῑίεῂοοωεε
1258 1931 1343 1988 ire
1388 1930 1628 1991 Latinis.

145 2016 460 2094 Impositus
508 2033 731 2079 mannis
763 2006 975 2073 arvum
1025 2014 1365 2090 coelumque
1411 2014 1694 2074 Sabinum

147 2100 276 2160 Non
324 2110 516 2160 cessat
543 2100 820 2163 laudare:
865 2098 1020 2157 videt
1062 2100 1327 2175 ridetque
1362 2098 1683 2175 Philippus,
1827 2157 1846 2173 θ

144 2184 218 2245 Et
261 2185 376 2244 sibi
419 2184 556 2243 dum
603 2183 878 2261 requiem,
923 2185 1060 2244 dum
1103 2183 1257 2241 risus
1294 2184 1546 2259 undique
1592 2182 1834 2259 quaerit,

145 2269 295 2329 Dum
338 2277 562 2345 septem
599 2268 785 2333 ,donat
820 2268 1101 2335 sestertia,
1147 2275 1342 2326 mutua
1386 2274 1610 2344 septem

143 2352 450 2423 Promittit,
497 2346 812 2430 persuadet
854 2353 933 2413 uti
979 2360 1272 2409 mercetur
1315 2352 1581 2426 agellum.

143 2438 466 2497 Mereatur:
511 2453 586 2496 ue
625 2443 684 2497 te
711 2437 910 2513 *longis
955 2435 1299 2511 ambagibus
1346 2437 1495 2495 ultra

146 2522 340 2592 Quam
381 2521 521 2580 satis
569 2531 661 2580 est
703 2538 914 2589 morer,
960 2538 1026 2578 ex
1071 2519 1252 2579 nitido
1300 2519 1364 2579 fit
1405 2520 1656 2579 rusticus
1674 2525 1903 2599 ‘Q

142 2604 356 2666 Suleos
397 2615 454 2665 et
497 2604 684 2664 vineta
729 2593 1147 2683 crepat‘ifi'e‘ra⁹
1195 2612 1505 2681 praeparat
1552 2605 1761 2671 ulmos,

96 2732 100 2739 ·
144 2687 734 2750 Immoritur=studiis
779 2699 837 2748 et
879 2706 1076 2747 amore
1113 2689 1372 2747 senescit
1413 2687 1691 2747 habendi.

143 2762 687 2859 Veriwhussjves
733 2772 904 2842 furto,
948 2772 1155 2831 morbo
1202 2774 1431 2849 periere
1475 2771 1747 2849 capellae,

145 2858 326 2937 Spem
371 2859 610 2917 mentita
659 2874 850 2935 seges,
894 2857 999 2917 bos
1044 2866 1132 2915 est
1175 2866 1412 2916 enectus
1448 2857 1691 2923 arando.

145 2944 420 3003 Offensus
463 2941 689 3001 damnis
735 2940 926 3002 media
970 2940 1046 3002 de
1088 2952 1256 3001 nocte
1302 2940 1587 2999 caballum

146 3027 364 3105 Arripit
403 3027 582 3097 iratus
629 3046 700 3085 ue
746 3025 1010 3167 Philippib
1033 3024 1218 3084 tendit
1261 3025 1331 3083 ad
1383 3026 1579 3083 aedes,
1727 3103 1781 3116 ..

147 3112 338 3184 Quem
380 3096 554 3169 simul
599 3110 965 3188 aspexit''””sca
993 3127 1144 3197 ..¹⁸99
1183 3110 1595 3185 intonsumque
1638 3104 1957 3182 Philippu&

145 3197 360 3262 Durus,
402 3194 499 3265 ait,
545 3191 729 3255 Vustei
795 3194 968 3253 nimis
1011 3201 1380 3269 attentusque
1425 3190 1641 3252 videris

147 3282 298 3341 Esse
340 3278 500 3341 mihi.
577 3266 682 3338 130!
729 3298 822 3337 me
868 3278 1163 3349 miserum,
1210 3288 1475 3354 patrone,
1522 3293 1780 3341 vocares,

151 3364 212 3425 Si
255 3366 456 3434 velles,
502 3363 705 3439 inquit,
752 3381 948 3422 verum
998 3362 1132 3419 mihi
1176 3380 1398 3439 ponere
1440 3378 1670 3420 nomen.

151 3450 321 3521 Quod
363 3457 424 3510 te
467 3466 572 3525 per
596 3448 843 3524 ’genium
885 3450 1262 3522 dextramque
1306 3447 1569 3520 deosque
1614 3450 1856 3521 penates

151 3533 410 3595 Obsecro
455 3539 515 3593 et
555 3532 838 3600 obtestor,
883 3530 1027 3589 vitae
1073 3548 1165 3588 me
1209 3529 1391 3587 redde
1434 3530 1636 3605 priori.

142 3612 260 3691 'Qui
307 3606 776 3692 s‘Effi’elaspexit,
821 3626 1103 3693 quantum
1147 3612 1384 3673 dimissa
1430 3612 1623 3690 petitis

2044 218 2168 281 187

2182 974 2264 1054 cs

2182 1414 2264 1475 70

2181 1834 2262 1895 75

2178 2678 2261 2738 85

2116 3086 2263 3156 '90

2150 3170 2333 3276 ¹¹.ss

2184 3520 2263 3579 95
